% $Description: the book's bibliography $


--- articles --------------------------------------------------------------

@article{,
  author    = {},
  title     = {},
  journal   = {},
  year      = {},
  volume    = {},
  number    = {},
  pages     = {},
  publisher = {},
}

@article{AlbertBarabasi2002,
  author    = {R\'eka Albert and Albert-L\'aszl\'o Barab\'asi},
  title     = {Statistical Mechanics of Complex Networks},
  journal   = {Reviews of Modern Physics},
  year      = {2002},
  volume    = {74},
  pages     = {47--97},
}

@article{Balinski1961,
  author    = {M. L. Balinski}, 
  title     = {On the graph structure of convex polyhedra in $n$-space},
  journal   = {Pacific Journal of Mathematics},
  year      = {1961},   
  volume    = {11},
  number    = {2},
  pages     = {431--434},
}

@article{BarabasiAlbert1999,
  author    = {Albert-L\'aszl\'o Barab\'asi and R\'eka Albert},
  title     = {Emergence of Scaling in Random Networks},
  journal   = {Science},
  year      = {1999},
  volume    = {286},
  pages     = {509--512},
}

@article{BakerFaber2006,
  author    = {Matthew Baker and Xander Faber},
  title     = {Metrized Graphs, Laplacian Operators, and Electrical Networks},
  journal   = {Contemporary Mathematics (Quantum Graphs and Their
               Applications)},
  year      = {2006},
  volume    = {415},
  pages     = {15-33},
  note      = {\url{http://people.math.gatech.edu/~mbaker/MG.html}}
}

@article{BatageljBrandes2005,
  author    = {Vladimir Batagelj and Ulrik Brandes},
  title     = {Efficient Generation of Large Random Networks},
  journal   = {Physical Review E},
  year      = {2005},
  volume    = {71},
  number    = {3},
  pages     = {036113},
  numpages  = {5},
}

@article{Boruvka1926a,
  author    = {Otakar Bor\r{u}vka},
  title     = {O jist\'em probl\'emu minim\'aln\'im
               (About a certain minimal problem)},
  journal   = {Pr\'ace mor. p\v{r}\'irodov\v{e}d. spol. v Brn\v{e} III},
  year      = {1926},
  volume    = {3},
  pages     = {37--58},
}

@article{Boruvka1926b,
  author    = {Otakar Bor\r{u}vka},
  title     = {P\v{r}\'isp\v{e}vek k \v{r}e\v{s}en\'i ot\'azky
               ekonomick\'e stavby elektrovodn\'ich s\'it\'i
              (Contribution to the solution of a problem of economical
               construction of electrical networks)},
  journal   = {Elektronick\'y Obzor},
  year      = {1926},
  volume    = {15},
  pages     = {153--154},
}

@article{BoyerMyrvold2004,
  author    = {John M. Boyer and Wendy J. Myrvold},
  title     = {On the Cutting Edge: Simplified {O(n)} Planarity by Edge
               Addition},
  journal   = {Journal of Graph Algorithms and Applications},
  volume    = {8},
  number    = {2},
  year      = {2004},
  pages     = {241--273},
}

@article{Dijkstra1959,
  author    = {E. W. Dijkstra},
  title     = {A Note on Two Problems in Connexion with Graphs},
  journal   = {Numerische Mathematik},
  year      = {1959},
  volume    = {1},
  pages     = {269--271},
}

@article{EdelbergEtAl1976,
  author    = {M. Edelberg and M. R. Garey and R. L. Graham},
  title     = {On the distance matrix of a tree},
  journal   = {Discrete Math.},
  year      = {1976},
  volume    = {14},
  pages     = {23-39},
}

@article{ErdosGallai1961,
  author    = {Paul Erd\H{o}s and Tibor Gallai},
  title     = {Graphs With Prescribed Degrees of Vertices (in {H}ungarian)},
  journal   = {Matematikai Lopak},
  year      = {1961},
  volume    = {11},
  pages     = {264--274},
}


@article{ErdosEtal2010,
  author    = {P\'eter L. Erd\H{o}s and Istv\'an Mikl\'os and
               Zolt\'an Toroczkai},
  title     = {A simple Havel-Hakimi type algorithm to realize graphical
               degree sequences of directed graphs},
  journal   = {Electronic Journal of Combinatorics},
  year      = {2010},
  volume    = {17},
  number    = {1},
  pages     = {R66 (10pp)},
}

@article{ErdosRenyi1959,
  author    = {P. Erd\H{o}s and A. R\'enyi},
  title     = {On Random Graphs},
  journal   = {Publicationes Mathematicae},
  year      = {1959},
  volume    = {6},
  pages     = {290--297},
}

@article{GrahamPollak1971,
  author    = {R. L. Graham and H. O. Pollak},
  title     = {On the addressing problem for loop switching},
  journal   = {Bell System Technical Journal},
  year      = {1971},
  volume    = {50},
  pages     = {2495--2519},
}

@article{Hakimi1962,
  author    = {S. L. Hakimi},
  title     = {On Realizability of a Set of Integers as Degrees of the
               Vertices of a Linear Graph {I}},
  journal   = {SIAM Journal of Applied Mathematics},
  year      = {1962},
  volume    = {10},
  number    = {3},
  pages     = {496--506},
}

@article{Hakimi1963,
  author    = {S. L. Hakimi},
  title     = {On Realizability of a Set of Integers as Degrees of the
               Vertices of a Linear Graph {II}: Uniqueness},
  journal   = {SIAM Journal of Applied Mathematics},
  year      = {1963},
  volume    = {11},
  number    = {1},
  pages     = {135--147},
}

@article{Havel1955,
  author    = {V\'aclav Havel},
  title     = {Pozn\'amka o existenci kone\v{c}n\'ych graf\r{u} (in
               {Czech}, A Remark on the Existence of Finite Graphs)},
  journal   = {\v{C}asopis pro P\v{e}stov\'an\'i Matematiky},
  year      = {1955},
  volume    = {80},
  number    = {4},
  pages     = {477--480},
}

@article{HopcroftTarjan1973,
  author    = {John E. Hopcroft and Robert Endre Tarjan},
  title     = {Algorithm 447: Efficient Algorithms for Graph Manipulation},
  journal   = {Communications of the ACM},
  year      = {1973},
  volume    = {16},
  number    = {6},
  pages     = {372-378},
}

@article{HopcroftTarjan1974,
  author    = {John E. Hopcroft and Robert Endre Tarjan},
  title     = {Efficient Planarity Testing},
  journal   = {Journal of the ACM},
  volume    = {21},
  number    = {4},
  year      = {1974},
  pages     = {549--568},
}

@article{Johnson1977,
  author    = {Donald B. Johnson},
  title     = {Efficient Algorithms for Shortest Paths in Sparse Networks},
  journal   = {Journal of the ACM},
  year      = {1977},
  volume    = {24},
  number    = {1},
  pages     = {1--13},
}

@article{Kruskal1956,
  author    = {Joseph. B. Kruskal},
  title     = {On the Shortest Spanning Subtree of a Graph and the
               Traveling Salesman Problem},
  journal   = {Proceedings of the American Mathematical Society},
  year      = {1956},
  volume    = {7},
  number    = {1},
  pages     = {48--50},
}

@article{Kuratowski1930,
  title   = {Sur le probl\`eme des courbes gauches en topologie},
  author  = {Kazimierz Kuratowski},
  journal = {Fundamenta Mathematicae},
  volume  = {15},
  pages   = {271--283},
  year    = {1930}
}

@article{LatoraMarchiori2003,
  author    = {V. Latora and M. Marchiori},
  title     = {Economic Small-World Behavior in Weighted Networks},
  journal   = {The European Physical Journal B},
  year      = {2003},
  volume    = {32},
  number    = {2},
  pages     = {249--263},
}

@article{Lee1961,
  author    = {C. Y. Lee},
  title     = {An Algorithm for Path Connections and its Applications},
  journal   = {IRE Transactions on Electronic Computers},
  year      = {1961},
  volume    = {EC-10},
  number    = {3},
  pages     = {346--365},
}

@article{McKay1978,
  author    = {Brendan D. McKay},
  title     = {Computing automorphisms and canonical labellings of graphs},
  journal   = {Lecture Notes in Mathematics (Combinatorial Mathematics)},
  year      = {1978},
  volume    = {686},
  pages     = {223-232},
  note      = {\url{http://cs.anu.edu.au/~bdm/publications.html}}
}

@article{Milgram1967,
  author    = {Stanley Milgram},
  title     = {The Small World Problem},
  journal   = {Psychology Today},
  year      = {1967},
  volume    = {2},
  pages     = {60--67},
}

@article{Newman2003,
  author    = {M. E. J. Newman},
  title     = {The Structure and Function of Complex Networks},
  journal   = {SIAM Review},
  year      = {2003},
  volume    = {45},
  number    = {2},
  pages     = {167--256},
}

@article{Prim1957,
  author    = {R. C. Prim},
  title     = {Shortest Connection Networks and Some Generalizations},
  journal   = {Bell System Technical Journal},
  year      = {1957},
  volume    = {36},
  pages     = {1389--1401},
}

@article{SierksmaHoogeveen1991,
  author    = {Gerard Sierksma and Han Hoogeveen},
  title     = {Sever Criteria for Integer Sequences Being Graphic},
  journal   = {Journal of Graph Theory},
  year      = {1991},
  volume    = {15},
  number    = {2},
  pages     = {223--231},
}

@article{Tarjan1972,
  author    = {Robert Endre Tarjan},
  title     = {Depth-First Search and Linear Graph Algorithms},
  journal   = {SIAM Journal on Computing},
  year      = {1972},
  volume    = {1},
  number    = {2},
  pages     = {146--160},
}

@article{Tarry1895,
  author    = {Gaston Tarry},
  title     = {Le probl\`eme des labyrinthes},
  journal   = {Nouvelles Annales de Math\'ematique},
  year      = {1895},
  volume    = {14},
  number    = {3},
  pages     = {187--190},
}

@article{TripathiVijay2003,
  author    = {Amitabha Tripathi and Sujith Vijay},
  title     = {A Note on A Theorem of {Erd\H{o}s} \& {G}allai},
  journal   = {Discrete Mathematics},
  year      = {2003},
  volume    = {265},
  number    = {1-3},
  pages     = {417--420},
}

@article{WattsStrogatz1998,
  author    = {Duncan J. Watts and Steven H. Strogatz},
  title     = {Collective Dynamics of `Small-World' Networks},
  journal   = {Nature},
  year      = {1998},
  volume    = {393},
  pages     = {440--442},
}


--- books -----------------------------------------------------------------


@book{,
  author    = {},
  title     = {},
  publisher = {},
  address   = {},
  year      = {},
}

@book{Beezer2009,
  author    = {Robert A. Beezer},
  title     = {A First Course in Linear Algebra},
  publisher = {Robert A. Beezer},
  address   = {University of Puget Sound, Tacoma, Washington, USA},
  year      = {2009},
  note      = {\url{http://linear.ups.edu}},
}

@book{Bellman1957,
  author    = {Richard Bellman},
  title     = {Dynamic Programming},
  publisher = {Princeton University Press},
  year      = {1957},
}

@book{BermanPaul1997,
  author    = {Kenneth A. Berman and Jerome L. Paul},
  title     = {Fundamentals of Sequential and Parallel Algorithms},
  publisher = {PWS Publishing Company},
  year      = {1997},
}

@book{Biggs1993,
  author    = {Norman Biggs},
  title     = {Algebraic Graph Theory},
  publisher = {Cambridge University Press},
  year      = {1993},
}

@book{Biggs2009,
  author    = {Norman Biggs},
  title     = {Codes: An Introduction to Information, Communication, and
               Cryptography},
  publisher = {Springer},
  year      = {2009},
}

@book{Bollobas2001,
  author    = {B\'ela Bollob\'as},
  title     = {Random Graphs},
  edition   = {2nd},
  publisher = {Cambridge University Press},
  year      = {2001},
}

@book{ChartrandOellermann1993,
  author    = {Gary Chartrand and Ortrud R. Oellermann},
  title     = {Applied and Algorithmic Graph Theory},
  publisher = {McGraw-Hill},
  year      = {1993},
}

@book{CormenEtAl2001,
  author    = {Thomas H. Cormen and Charles E. Leiserson and
               Ronald L. Rivest and Clifford Stein},
  title     = {Introduction to Algorithms},
  edition   = {2nd},
  publisher = {MIT Press and McGraw-Hill},
  year      = {2001},
}

@book{Gould1988,
  author    = {Ronald Gould},
  title     = {Graph Theory},
  publisher = {Benjamin-Cummings Publishing Company},
  year      = {1988},
}

@book{GrossYellen1999,
  author    = {Jonathan Gross and Jay Yellen},
  title     = {Graph Theory and Its Applications},
  publisher = {CRC Press},
  year      = {1999},
}

@book{Jungnickel2008,
  author    = {Dieter Jungnickel},
  title     = {Graphs, Networks and Algorithms},
  edition   = {3rd},
  publisher = {Springer},
  year      = {2008},
}

@book{Lucas1882.1894,
  author    = {M. \'Edouard Lucas},
  title     = {R\'ecr\'eations Math\'ematiques},
  publisher = {4~volumes, Gauthier-Villars},
  address   = {Paris},
  year      = {1882--94},
}

@book{Runde2005,
  author    = {Volker Runde},
  title     = {A Taste of Topology},
  publisher = {Springer},
  year      = {2005},
}

@book{ShiraliVasudeva2006,
  author    = {Satish Shirali and Harkrishan L. Vasudeva},
  title     = {Metric Spaces},
  publisher = {Springer},
  year      = {2006},
}

@book{Shoup2008,
  author    = {Victor Shoup},
  title     = {A Computational Introduction to Number Theory and Algebra},
  edition   = {2nd},
  publisher = {Cambridge University Press},
  year      = {2008},
  note      = {\url{http://www.shoup.net/ntb}},
}


--- book chapters ---------------------------------------------------------


@inbook{,
  author    = {},
  chapter   = {},
  editor    = {},
  title     = {},
  series    = {},
  volume    = {},
  pages     = {},
  publisher = {},
  year      = {},
}

@inbook{GalloPallottino1986,
  author    = {Giorgio Gallo and Stefano Pallottino},
  chapter   = {Shortest path methods: A unifying approach},
  editor    = {Giorgio Gallo and Claudio Sandi},
  title     = {Netflow at Pisa},
  series    = {Mathematical Programming Studies},
  volume    = {26},
  pages     = {38--64},
  publisher = {Springer},
  year      = {1986},
}


--- proceedings -----------------------------------------------------------


@inproceedings{,
  author    = {},
  title     = {},
  year      = {},
  note      = {},
  crossref  = {},
}
@proceedings{,
  editor    = {},
  booktitle = {},
  address   = {},
  year      = {},
}

@inproceedings{Huffman1952,
  author    = {David A. Huffman},
  title     = {A Method for the Construction of Minimum-Redundancy Codes},
  year      = {1952},
  pages     = {1098-1102},
  crossref  = {IRE1952},
}
@proceedings{IRE1952,
  booktitle = {Proceedings of the I.R.E},
  volume    = {40},
  number    = {9},
  year      = {1952},
}

@inproceedings{Moore1959,
  author    = {Edward F. Moore},
  title     = {The shortest path through a maze},
  year      = {1959},
  pages     = {285--292},
  crossref  = {TheorySwitching1959},
}
@proceedings{TheorySwitching1959,
  booktitle = {Proceedings of the International Symposium on the Theory of
               Switching},
  year      = {1959},
}

--- miscellaneous ---------------------------------------------------------

@misc{,
  author = {},
  title  = {},
  month  = {},
  year   = {},
  note   = {},
}

@misc{McKay2010,
  author = {Brendan McKay},
  title  = {Description of graph6 and sparse6 encodings},
  month  = {05th~April},
  year   = {2010},
  note   = {\url{http://cs.anu.edu.au/~bdm/data/formats.txt}},
}


--- technical reports -----------------------------------------------------


@techreport{,
  author      = {},
  title       = {},
  number      = {},
  institution = {},
  year        = {},
  month       = {},
}

@techreport{Ford1956,
  author      = {Ford Jr., Lester Randolph},
  title       = {Network Flow Theory},
  number      = {P-923},
  institution = {The Rand Corporation},
  address     = {Santa Monica, California, USA},
  year        = {1956},
}
